@phdthesis{vehcileDynamics_chapter2a,
  title={Optimal vehicle path generator using optimization methods},
  author={Ramanata, Peeroon Pete},
  year={1998},
  school={Virginia Tech}
}

@article{casanova_thesis,
  title={On minimum time vehicle manoeuvring: The theoretical optimal lap},
  author={Casanova, Daniele},
  year={2000},
  publisher={Cranfield University}
}


@phdthesis{reachAnalysis_SafetyAssessment,
author = {Althoff, Matthias},
year = {2010},
month = {07},
pages = {},
title = {Reachability Analysis and its Application to the Safety Assessment of Autonomous Cars}
}

@article{MPC_PathTracking,
  author={Cheng, Shuo and Li, Liang and Chen, Xiang and Wu, Jian and Wang, Hong-da},
  journal={IEEE Transactions on Industrial Electronics}, 
  title={Model-Predictive-Control-Based Path Tracking Controller of Autonomous Vehicle Considering Parametric Uncertainties and Velocity-Varying}, 
  year={2021},
  volume={68},
  number={9},
  pages={8698-8707},
  doi={10.1109/TIE.2020.3009585}}


@misc{nova,
  author       = {NOVA},
  title        = {nova-utd.github.io},
  year         = {2023},
  url = {https://nova-utd.github.io/}
}

@misc{rk4,
  author = {wikipedia},
  title = {Rungeâ€“Kutta methods},
  url = {https://en.wikipedia.org/wiki/Runge-Kutta_methods}
}

@misc{carla,
  author = {carla-simulator},
  title = {CARLA},
  url = {https://github.com/carla-simulator/carla}
}

@inproceedings{dosovitskiy2017carla,
  title={CARLA: An open urban driving simulator},
  author={Dosovitskiy, Alexey and Ros, German and Codevilla, Felipe and Lopez, Antonio and Koltun, Vladlen},
  booktitle={Conference on robot learning},
  pages={1--16},
  year={2017},
  organization={PMLR}
}

@Inbook{Rajamani2012,
author="Rajamani, Rajesh",
title="Lateral Vehicle Dynamics",
bookTitle="Vehicle Dynamics and Control",
year="2012",
publisher="Springer US",
address="Boston, MA",
pages="15--46",
abstract="The first section in this chapter provides a review of several types of lateral control systems that are currently under development by automotive manufacturers and researchers. The subsequent sections in the chapter study kinematic and dynamic models for lateral vehicle motion. Control system design for lateral vehicle applications is studied later in Chapter 3.",
isbn="978-1-4614-1433-9",
doi="10.1007/978-1-4614-1433-9_2",
url="https://doi.org/10.1007/978-1-4614-1433-9_2"
}

