@phdthesis{vehcileDynamics_chapter2a,
  title={Optimal vehicle path generator using optimization methods},
  author={Ramanata, Peeroon Pete},
  year={1998},
  school={Virginia Tech}
}

@article{casanova_thesis,
  title={On minimum time vehicle manoeuvring: The theoretical optimal lap},
  author={Casanova, Daniele},
  year={2000},
  publisher={Cranfield University}
}


@phdthesis{reachAnalysis_SafetyAssessment,
author = {Althoff, Matthias},
year = {2010},
month = {07},
pages = {},
title = {Reachability Analysis and its Application to the Safety Assessment of Autonomous Cars}
}

@article{MPC_PathTracking,
  author={Cheng, Shuo and Li, Liang and Chen, Xiang and Wu, Jian and Wang, Hong-da},
  journal={IEEE Transactions on Industrial Electronics}, 
  title={Model-Predictive-Control-Based Path Tracking Controller of Autonomous Vehicle Considering Parametric Uncertainties and Velocity-Varying}, 
  year={2021},
  volume={68},
  number={9},
  pages={8698-8707},
  doi={10.1109/TIE.2020.3009585}}
